@article{Flury1986,
author = {Bernhard N. Flury and Walter Gautschi},
title = {An Algorithm for Simultaneous Orthogonal Transformation of Several Positive Definite Symmetric Matrices to Nearly Diagonal Form},
journal = {SIAM Journal on Scientific and Statistical Computing},
volume = {7},
number = {1},
pages = {169-184},
year = {1986},
url = {http://dx.doi.org/10.1137/0907013},
}


@article{Cubuk2018,
  author    = {Ekin Dogus Cubuk and
               Barret Zoph and
               Dandelion Man{\'{e}} and
               Vijay Vasudevan and
               Quoc V. Le},
  title     = {AutoAugment: Learning Augmentation Policies from Data},
  journal   = {CoRR},
  volume    = {abs/1805.09501},
  year      = {2018},
  url       = {http://arxiv.org/abs/1805.09501},
  archivePrefix = {arXiv},
  eprint    = {1805.09501},
}

@article{Recht2018,
  author    = {Recht, Benjamin and 
               Roelofs, Rebecca and 
               Schmidt, Ludwig and 
               Shankar, Vaishaal
               },
  title     = {Do CIFAR-10 Classifiers Generalize to CIFAR-10?},
  journal   = {arXiv},
  volume    = {abs/1806.00451},
  month     = {6},
  year      = {2018},
  url       = {http://arxiv.org/abs/1806.00451},
  archivePrefix = {arXiv},
  eprint    = {1805.09501},
}

@article{Devries2017,
  author    = {Terrance Devries and
               Graham W. Taylor},
  title     = {Improved Regularization of Convolutional Neural Networks with Cutout},
  journal   = {CoRR},
  volume    = {abs/1708.04552},
  year      = {2017},
  url       = {http://arxiv.org/abs/1708.04552},
  archivePrefix = {arXiv},
  eprint    = {1708.04552},
}

@article{Yamada2018,
  author    = {Yoshihiro Yamada and
               Masakazu Iwamura and
               Koichi Kise},
  title     = {ShakeDrop regularization},
  journal   = {CoRR},
  volume    = {abs/1802.02375},
  year      = {2018},
  url       = {http://arxiv.org/abs/1802.02375},
  archivePrefix = {arXiv},
  eprint    = {1802.02375},
}


